@GLOSSDEF{lis_,
word = {LIS},
definition = {Lost In Space}
}