@misc{rxbx,
author={REXUS/BEXUS},
title={ROCKET \& BALLON EXPERIMENTS FOR UNIVERSITY STUDENTS},
year={2013},
note="\url{http://www.rexusbexus.net/} Accessed 23-June-2014"
}


@manual{dmk41bu02,
organization={The Imaging Source},
title={DKM 41BU02 Monochrome Camera},
day={20},
month={June},
year={2014},
note= "Available at \url{http://www.theimagingsource.com/en_US/products/cameras/usb-ccd-mono/dmk41bu02h/} Accessed 23-September-2014"
}

@manual{dmk21BU618,
organization={The Imaging Source},
title={DKM 21B618 Monochrome Camera},
day={20},
month={June},
year={2014},
note="Available at \url{http://www.theimagingsource.com/en_US/products/cameras/usb-ccd-mono/dmk41bu02h/} Accessed 23-September-2014"
}

@book{1893industry,
	author={Ernest McCollough},
  title={"Photographic Topography" Industry: A Monthly Magazine Devoted to Science, Engineering and Mechanic Arts},
	publisher={Industrial Publishing Company, San Francisco},
  pages={399–406},
  year={1893}
}


@manual{lsm303,
author={STMicroelectronics},
title={LSM303DLHC:Ultra-compact high-performance eCompass module:3D accelerometer and 3D magnetometer},
month={November},
year={2013},
note="Available at \url{http://www.st.com/web/en/resource/technical/document/datasheet/DM00027543.pdf} Accessed 15-May-2014"
}

@manual{lsh20,
organization="{Saft Specialty Battery Group}",
title={LSH20 Primary Lithium Battery},
note="Doc. Nº31015-2-1006, Available at\url{www.saftbatteries.com/force_download/LSH20.pdf}  Accessed 4-July-2014",

}

@manual{RPI,
organization="{RS COMPONENTS}",
title={Raspberry Pi Model B},
note="Available at \url{http://www.rs-components.com/raspberrypi} Accessed 23-September-2014"
}



@book{bexusmanual,
 title={BEXUS user manual},
 author={EuroLaunch},
 publisher={EuroLaunch},
 isbn={},
 month={June},
 year={2014},
 note="v6-11, Available at \url{http://www.rexusbexus.net/index.php?option=com_content&view=article&id=51&Itemid=63}  Accessed 6-December-2014"
}

@book{Gsat,
 title={GranaSAT Student Experiment Documentation},
 author={GranaSAT Team},
 publisher={University of Granada},
 isbn={},
 url={},
 month={September},
 year={2014},
 note="v4-1"
}

@manual{citairs,
 title={The International Celestial Reference System and Frame},
 isbn={3-89888-802-9},
 author={ICRS},
 edition={ICRS Note No.34},
 address={61 Av. de l'Observatorie,75014,Paris,France},
 year={2006},
 city={Frankfurt},
 note="Available at \url{http://www.iers.org/MainDisp.cls?pid=46-1100077} Accessed 12-October-2014 "
}

@article{meancon,
title = {The adoption of ICRS on January 1998: meaning and consequences},
journal = {Astronomy and Astrophysics},
year = {1998},
volume={331},
pages={33-36},
author = {Feissel, M \& Mignard, F.}
}

@article{hipcatalog,
title = {The Hipparcos and Tycho Catalogues},
journal = {ESA SP-1200},
year = {1997},
volume={1},
author = {ESA},
note="Available at \url{http://www.rssd.esa.int/index.php?project=HIPPARCOS&page=Overview} Accessed 6-December-2014"
}

@article{wahbap,
title = {Problem 65-1: A Least Squares Estimate of Spacecraft Attitude},
journal = {SIAM Review},
year = {1965},
volume={7(3)},
pages={409},
author = {Wahba, G.}
}


@article{markley1988attitude,
  title={Attitude determination using vector observations and the singular value decomposition},
  author={Markley, F Landis},
  journal={The Journal of the Astronautical Sciences},
  volume={36},
  number={3},
  pages={245--258},
  year={1988}
}

@article{questcite,
  title={Three-Axis Attitude Determination from Vector Observations},
  author={Shuster, M and S.D. OH},
  journal={Journal of Guidance and Control},
	pages={70-77},
  volume={4},
	number={1},
  year={1981}
}

@book{qmethod,
  title={Spacecraft Attitude Dynamics and Control},
	chapter={4},
  author={Hall, C.},
  publisher={Virginia Tech},
	year={2003},
}



@book{novasManual,
 title={User's Guide to NOVAS Version C3.1},
 city={Washington,DC},
 publisher={USNO},
 author={Banguert, J. and Puata, W. and Kaplan, G. and Bartlett, J. Harris and W., Fredericks and A., Monet},
 isbn={},
 url={},
 year={2011}
}

@misc{novasweb,
author={USNO},
title={Naval Observatory Vector Astrometry Software (NOVAS) Version 3.1 Fortran, C, and Python Editions},
year={2013},
note="Available at \url{http://aa.usno.navy.mil/software/novas/} Accessed 20-October-2014"
}

@article{wbrothers,
title = {The birth of the flight control: An engineering analysis of the Wright brothers’ 1902 glider},
journal = {The Aeronautical journal},
pages = {697-718},
year = {2003},
author = {G.D Padfield, B. Lawrence}
}

@ARTICLE{liebe387971, 
author={Liebe, C.C.}, 
journal={Aerospace and Electronic Systems Magazine, IEEE}, 
title={Star trackers for attitude determination}, 
year={1995}, 
month={Jun}, 
volume={10}, 
number={6}, 
pages={10-16}, 
keywords={CCD image sensors;aerospace computing;aerospace instrumentation;microcomputer applications;signal processing equipment;CCD camera;attitude determination;hyperacuity;microcomputer;multiple stars;pointing devices;spacecraft;star trackers;vector information;Extraterrestrial measurements;Gyroscopes;Infrared detectors;Instruments;Magnetic field measurement;Magnetic sensors;Position measurement;Space technology;Space vehicles;Sun}, 
doi={10.1109/62.387971}, 
ISSN={0885-8985},
}


@manual{Ct633,
organization={Ball Aerospace \& Technologies Corp},
title={CT-633 Stellar Attitude Sensor},
note="Available at \url{http://www.ballaerospace.com/file/media/D0399_CT-633.pdf} Accessed 7-May-2014"
}

@manual{ST5000,
organization={The University of Wisconsin-Madison Space Astronomy Laboratory},
title={ST5000},
note="Available at \url{http://www.sal.wisc.edu/st5000/intro/st5000_final2007.pdf} Accessed 7-May-2014"
}

@manual{hydraM,
organization={SODERN},
title={HYDRA-M CMOS Star Tracker},
note="Available at \url{http://www.sodern.com} Accessed 7-May-2014"
}

@manual{terma,
organization={TERMA Space},
title={Star Tracker HE-5AS},
note="Available at \url{www.sodern.com} Accessed 7-May-2014"
}


@manual{Selex,
organization={SELEX ES},
title={A-STR \& AA-STR Autonomous Star Trackers},
note="Available at \url{www.selex-es.com} Accessed 7-May-2014"
}

@article{Samaan2012469,
title = "Development of a low cost star tracker for the \{SHEFEX\} mission ",
journal = "Aerospace Science and Technology ",
volume = "23",
number = "1",
pages = "469 - 478",
year = "2012",
note = "35th ERF: Progress in Rotorcraft Research ",
issn = "1270-9638",
doi = "http://dx.doi.org/10.1016/j.ast.2011.09.013",
url = "http://www.sciencedirect.com/science/article/pii/S1270963811001684",
author = "Malak Samaan and Stephan Theil",
keywords = "Star tracker",
keywords = "Attitude determination",
keywords = "Re-entry",
keywords = "\{SHEFEX\}",
keywords = "Spacecraft navigation "
}

@INPROCEEDINGS{mbryde6187242, 
author={McBryde, C.R. and Lightsey, E.G.}, 
booktitle={Aerospace Conference, 2012 IEEE}, 
title={A star tracker design for CubeSats}, 
year={2012}, 
month={March}, 
pages={1-14}, 
keywords={CCD image sensors;attitude measurement;computer vision;singular value decomposition;star trackers;3-unit CubeSat missions;Austin;CCD sensor;Markley singular value decomposition;University of Texas;accurate star tracker;arc-minute star tracker;attitude determination;centroiding;grey-scale charge coupled device;low-cost star tracker;low-power star tracker;machine vision systems;pyramid star identification;star identification code;star tracking;Accuracy;Cameras;Catalogs;Position measurement;Satellite broadcasting;Satellites;Vectors}, 
doi={10.1109/AERO.2012.6187242}, 
ISSN={1095-323X},}


@INPROCEEDINGS{tsoas,
author={Enright, J. and Sinclair, C. and Grant, G. and McVittie, G. and Dzamba, T.},
title = {Towards star tracker only attitude estimation},
booktitle={24th Annual AIAA/USU Conference on Small Satellites},
year = "2010"
}

@manual{aptinaMT9,
organization={Aptina Imaging},
title={1/2.5-inch 5Mp CMOS Digital Image Sensor. MT9P031 Data Sheet, Rev. G},
year={2005},
note="Available at \url{www.aptina.com} Accessed 5-February-2014"
}

@manual{aptinaMT9sensor,
organization={Aptina Imaging},
title={MT9P031: Monochrome Addendum Introduction},
note="Available at \url{https://www.google.es/url?sa=t&rct=j&q=&esrc=s&source=web&cd=1&ved=0CCMQFjAA&url=http%3A%2F%2Fwww.aptina.com%2Fassets%2FdownloadDocument.do%3Fid%3D896&ei=4KpkVMmKJMPeaOXmgvgE&usg=AFQjCNE-hccUhGlqi_S8-nIgOGj8ATs7Qg&sig2=61pUQVpZxnKqC_wevdcb0w} Accessed 15-February-2014"
}

@manual{coolsnap,
organization={PHOTOMETRICS},
title={CoolSNAT cf2 Monochrome Datasheet},
year={2010},
note="Available at \url{http://www.photometrics.com/products/datasheets/cf2.pdf} Accessed 5-February-2014"
}

@manual{inova,
organization={I-Nova},
title={PLA-MX Multi-purpose Camera},
year={2012},
note="Available at \url{http://www.inova-ccd.fr/pub/PLA-Mx%20June%202014%20-%20English.pdf} Accessed 7-February-2014"
}



@manual{sonyICX205,
organization={Sony},
title={ICX205AL.Diagonal 8mm (Type 1/2) Progressive Scan CCD Image Sensor with Square Pixel B/W Cameras},
year={2005},
note="Available at \url{http://www.ccd.com/pdf/ccd_205.pdf} 7-February-2014"
}

@manual{sonyICX618ALA,
organization={Sony},
title={Diagonal 4.5mm (Type 1/4) Progressive Scan CCD Image Sensor with Square Pixel 
for B/W Cameras},
year={2005},
note="Available at \url{http://s1.dl.theimagingsource.com/api/2.0/packages/publications/sensors-ccd/icx618ala/d4203d08b4/icx618ala_1.2.en_US.pdf} Accessed 7-February-2014"
}


@manual{panda,
organization={pandaboard.org},
title={Pandaboard Wiki},
note="Available at \url{http://www.omappedia.com/wiki/PandaBoard} Accessed 11-February-2014"
}



@misc{rscomponets,

author={RS Components Ltd.},
address={Birchigton Road, Corby Northants, NN17 9RS, Uk},
year={2014},
note="Available at \url{http://uk.rs-online.com/web/} Accessed 10-February-2014"
}

@misc{digikey,
author="{Digi-Key Corporation.}",
address={701 Brooks Avenue South, Thief River Falls, MN 56701, USA},
note="Available at \url{http:www.digikey.com/us/} Accessed 8-February-2014"
}

@misc{tigal,
author="{TIGAL KG}",
address={Scheringgasse 2, 1140 Vienna, Austria},
note="Available at \url{http:www.tigal.com} Accessed 8-January-2014"
}
@misc{imagingSoruceWeb,

author="{The Imaging Source}",
year={2014},
note="Available at \url{http://www.theimagingsource.com/} Accessed 7-December-2014"
}


@misc{ricoh,
author={RICOH},
year={2014},
note="Available at \url{http://www.ricoh.com/} Accessed 7-December-2014"
}

@misc{beaglebonefoundation,

author="{BeagleBoard.org Foundation}",
year={2014},
note="Available at \url{http://beagleboard.org/} Accessed 30-November-2014"

}

@misc{beaglebonereference,

title={BeagleBone Black System Reference Manual},
author={Coley, G.},
editor={Day, R.},
month={April},
day={11},
year={2003},
note={Rev A5.S}
}

@misc{raspberrypifoundation,
author="{Raspberry PI Foundation UK Registered Charity 1129409}",
year={2014},
note=" Available at \url{http://www.raspberrypi.org/} Accessed 7-February-2014"
}

@misc{raspberrypispecs,

author={elinux.ogr},
year={2014},
note="Available at \url{http://elinux.org/RPi_Hardware} Accessed 24-March-2014"

}

@misc{imprusa,

author="{Granada Imprusa}",
city={Granada},
year={2013},
address={C/ Ángel Barrios 1, Bajo 18004 (Granada)},
note="Available at \url{http://granadaimprusa.org/} Accessed 2-December-2013"
}

@INPROCEEDINGS{survey1627471, 
author={Meng Na and Peifa Jia}, 
booktitle={Systems and Control in Aerospace and Astronautics, 2006. ISSCAA 2006. 1st International Symposium on}, 
title={A survey of all-sky autonomous star identification algorithms}, 
year={2006}, 
month={Jan}, 
pages={6 pp.-901}, 
keywords={aerospace instrumentation;attitude measurement;genetic algorithms;identification;neural nets;pattern matching;sensors;singular value decomposition;stars;all-sky autonomous star identification algorithms;attitude measurements;autonomous attitude estimation;genetic algorithm;grid algorithm;match group algorithm;neural network;polygon algorithm;singular value method;star sensors;Algorithm design and analysis;CMOS image sensors;Charge coupled devices;Charge-coupled image sensors;Extraterrestrial measurements;Genetic algorithms;Navigation;Position measurement;Sensor phenomena and characterization;Space vehicles}, 
doi={10.1109/ISSCAA.2006.1627471},}

@INPROCEEDINGS{matchgroup,
author = {van Bezooijen, Roelof W. H.},
title = {True-sky demonstration of an autonomous star tracker},
booktitle={Acquisition, Tracking, and Pointing VIII},
journal = {Proc. SPIE},
volume = {2221},
number = {},
pages = {156-168},
year = {1994},
doi = {10.1117/12.178979},
URL = { http://dx.doi.org/10.1117/12.178979},
eprint = {}
}

@ARTICLE{gridAlgorithm1997, 
author={Padgett, C. and Kreutz-Delgado, K.}, 
journal={Aerospace and Electronic Systems, IEEE Transactions on}, 
title={A grid algorithm for autonomous star identification}, 
year={1997}, 
month={Jan}, 
volume={33}, 
number={1}, 
pages={202-213}, 
keywords={aerospace computing;astronomy computing;attitude control;identification;pattern matching;apparent brightness;autonomous star identification;computer resources;correct section;field of view;grid algorithm;sensor orientations;simulations;spatial accuracy;stellar magnitude;Brightness;Image sensors;Laboratories;Position measurement;Probes;Propulsion;Sensor phenomena and characterization;Sensor systems;Space technology;Space vehicles}, 
doi={10.1109/7.570743}, 
ISSN={0018-9251},
}




@article{harold1964,
title = "A Passive System for Determining the Attitude of Satellite",
author="Harold, B.",
journal = "AIAA Journal",
volume = "2(7)",
pages = "1350-1351",
year = "1964"
}

@INPROCEEDINGS{motari2000, 
author={Mortari, D. and Neta,B. }, 
booktitle={AAS 00-128,AAS/AIAA Space Flight Mechanics Meeting}, 
title={k-vector Range Searching Techniques},
city={Clearwater, FL.}, 
year={2000}, 
month={January}, 
day={23-26}}

@article{xie2012autonomous,
  title={An autonomous star identification algorithm based on the directed circularity pattern},
  author={Xie, Junfeng and Tang, Xinming and Jiang, Wanshou and Fu, Xingke},
  journal={star},
  volume={4},
  pages={5},
  year={2012}
}

@ARTICLE{liebe1008988, 
author={Liebe, C.C.}, 
journal={Aerospace and Electronic Systems, IEEE Transactions on}, 
title={Accuracy performance of star trackers - a tutorial}, 
year={2002}, 
month={Apr}, 
volume={38}, 
number={2}, 
pages={587-599}, 
keywords={CCD image sensors;attitude control;attitude measurement;avionics;calibration;firmware;focal planes;space vehicle electronics;S-curve errors;absolute 3-axis attitude;accuracy performance;algorithmic errors;attitude quaternion;autonomous star tracker;avionics instrument;calibration errors;electronic camera;firmware;focal plane;internal star catalog;noise equivalent angle;pattern recognition;pinhole star tracker;processing electronics;radiometric calculations;sensitivity to starlight;spacecraft;star centroiding;star detection threshold;star identification;subpixel centroiding;tutorial;Aerospace electronics;Instruments;Laboratories;Microcomputers;Microprogramming;Position measurement;Propulsion;Space technology;Space vehicles;Tutorial}, 
doi={10.1109/TAES.2002.1008988}, 
ISSN={0018-9251}
}


@misc{matlab2013b,

title={MATLAB 2013b},
author={The MathWorks, Inc.},
city={Natick, Massachusetts.},
country={United States}
}

@ARTICLE{voting4560198, 
author={Kolomenkin, M. and Pollak, S. and Shimshoni, I. and Lindenbaum, M.}, 
journal={Aerospace and Electronic Systems, IEEE Transactions on}, 
title={Geometric voting algorithm for star trackers}, 
year={2008}, 
month={April}, 
volume={44}, 
number={2}, 
pages={441-456}, 
keywords={astronomical techniques;image sensors;stars;fast tracking algorithm;geometric voting algorithm;quaternion-based method;satellite-based camera;star catalogue;star trackers;Aerospace industry;Calibration;Cameras;Gyroscopes;Magnetic sensors;Position measurement;Robustness;Satellites;System testing;Voting}, 
doi={10.1109/TAES.2008.4560198}, 
ISSN={0018-9251}
}

@INPROCEEDINGS{leo573637, 
author={Wu, A. and Hein, D.H.}, 
booktitle={Decision and Control, 1996., Proceedings of the 35th IEEE Conference on}, 
title={Stellar inertial attitude determination for LEO spacecraft}, 
year={1996}, 
month={Dec}, 
volume={3}, 
pages={3236-3244 vol.3}, 
keywords={Kalman filters;aerospace control;aerospace instrumentation;artificial satellites;filtering theory;spatial variables measurement;6-state extended Kalman filter;EKF;LEO spacecraft;celestial observations;covariance analysis;gyro bias error;gyro noises;low Earth orbit;normal mode attitude determination algorithm;quaternion formulation;star catalog error;star density;star tracker noise;star trackers;stellar inertial attitude determination;stellar inertial sensors;time-domain simulations;Attitude control;Error correction;Filters;Low earth orbit satellites;Position measurement;Predictive models;Quaternions;Sensor phenomena and characterization;Space vehicles;Time domain analysis}, 
doi={10.1109/CDC.1996.573637}, 
ISSN={0191-2216}
}

@misc{vizier,
author={Centre de Données astronomiques de Strasbourg (CDS)},
title={VizieR Service},
note={Available at \url{http://vizier.u-strasbg.fr/viz-bin/VizieR} Last access March 2014}
}

@book{rytter1993vibration,
 title={Vibration Based Inspection of Civil Engineering Structures},
 author={Rytter, A.},
 isbn={},
 url={},
 year={1993},
 publisher={PhD Thesis. Aalborg University, Denmark}
}


@book{PerspectiveCaruso,
 title={A New Perspective on Magnetic Field Sensing},
 author={M. Caruso and C.H Smith},
 isbn={},
 url={},
 year={1999},
 publisher={Honeywelll SSEC and Nonvolatile Electronics Inc.}
}

@book{GMRReig,
 title={GMR based electrical current sensors},
 author={C. Reig, M.D. Cubells-Beltr\'an and D. Ram\'irez},
 isbn={},
 url={},
 year={2008},
 publisher={Department of Electronic Engineering, University of Valencia}
}

@book{LowFieldSensors,
 title={Low-Field Magnetic Sensing with GMR Sensors},
 author={C.H. Smith and R.W. Schneider},
 isbn={},
 url={},
 year={1999},
 publisher={Nonvolatile Electronics Inc.}
}

@book{TransitionMetal,
 title={Magnetotransport in Transition Metal Multilayered Structures},
 author={S.S.P Parkin},
 isbn={},
 url={},
 year={1996},
 publisher={IBM Research Division Almaden Research Center}
}

@Article{GMRTraffic,
title = {Signal conditioning for GMR magnetic sensors Applied to traffic speed monitoring GMR sensors},
journal = {Elsevier},
volume = {},
number = {},
pages = {},
year = {2007},
note = {},
issn = {},
doi = {},
url = {http://www.sciencedirect.com},
author = {J.P.Sebasti\'a, J.A. Lluch and J.R.L Vizca\'ino},
keywords = {GMR sensors; traffic monitoring}
}

@Article{GMRCurrent,
title = {Magnetic Field Sensors Based on Giant Magnetorresistance (GMR) Technology: Applications in Electrical Current Sensing},
journal = {Electronic Engineering, Universidad de Valencia},
volume = {},
number = {},
pages = {},
year = {2009},
note = {},
issn = {1424-8220},
doi = {},
url = {http://www.mpdi.com/journal/sensors},
author = {C. Reig, M.D.C Beltr\'an and D.R Mun\'oz},
keywords = {GMR sensors}
}

@book{EstudioSensores,
 title={Estudio de Sensores Magnetorresistivos: Aplicación para la Medida de Corriente},
 author={J.L.M Lorenzo and C. Reig},
 isbn={},
 url={},
 year={2006},
 publisher={PFC Universidad de Valencia}
}

@book{GMRgeda,
 title={Desarrollo de un Modelo Cuasiest\'atico de Sensores de Corriente Magnetorresistivos bajo entorno gEDA},
 author={A.C Abell\'an and C. Reig},
 isbn={},
 url={},
 year={2009},
 publisher={Universidad de Valencia}
}

@Article{SPfabrication,
title = {Design, fabrication and analysis of a spin-valve based current sensor},
journal = {Universidad de Valencia, INES-MN},
volume = {},
number = {},
pages = {},
year = {2003},
note = {},
issn = {},
doi = {},
url = {http://www.sciencedirect.com},
author = {C. Reig, D. Ram\'irez, F. Silva and P. Freitas},
keywords = {Spin-valve sensors}
}

@Article{SVWB,
title = {Full- Wheatstone Bridge Spin-Valve Based Sensors for IC Currents Monitoring},
journal = {IEEE sensors journal},
volume = {},
number = {},
pages = {},
year = {2009},
note = {},
issn = {},
doi = {},
url = {http://www.ieee.org},
author = {M.D Cubells, C.Reig, D. Ramires and S. Cardoso},
keywords = {Spin-valve full Wheatstone bridge}
}

@Article{DataHoneywell,
title = {1- and 2-Axis Magnetic Sensors HMC1001/1002/1021/1022},
journal = {Honeywell Datasheet},
volume = {},
number = {},
pages = {},
year = {2008},
note = {},
issn = {},
doi = {},
url = {http://www.honeywell.com/magneticsensors},
author = {Honeywell},
keywords = {sensors}
}

@Book{ReigSevilla,
title={{GMR} {C}urrent {S}ensors for {IC} {A}pplications},
author={C. Reig},
isbn={},
url={},
year={2009},
publisher={Ibernam, {R}ed {E}spañola de {M}icro y {N}ano {S}istemas}
}

@Article{4886Operator,
title = {{KEPCO} {I}nc},
journal = {Bit 4886 {D}igital {I}nterface {C}ard {C}apabilities},
volume = {},
number = {},
pages = {90},
year = {2011},
note = {},
issn = {},
doi = {},
url = {www.kepcopower.com/},
author = {},
keywords = {BOP508}
}

@Article{BOP508SG,
title = {{KEPCO} {I}nc},
journal = {{BOP} {400W} {B}ipolar {O}perational {P}ower {S}upply {S}tart {G}uide},
volume = {},
number = {},
pages = {8},
year = {2011},
note = {},
issn = {},
doi = {},
url = {www.kepcopower.com/},
author = {},
keywords = {BOP508}
}

@Article{HALLPROBES,
title = {{HIRST-Magnetic}},
journal = {{GM08} {H}all {E}ffect {P}robes},
volume = {},
number = {},
pages = {},
year = {},
note = {},
issn = {},
doi = {},
url = {www.hirst-magnetic.com},
author = {},
keywords = {hall probes}
}

@Article{PARAMBOOK,
title = {The {P}arametric {M}easurement {H}andbook},
journal = {Agilent {T}echnologies},
volume = {},
number = {Third {E}dition},
pages = {214},
year = {2010},
note = {},
issn = {},
doi = {},
url = {www.agilent.com},
author = {Wadsworth, Alan},
keywords = {parametric}
}

@Article{STATPSM6,
title = {{Karl-Suss} {M}icrotech},
journal = {{PSM6} {P}robe {S}tation {U}ser {R}eference},
volume = {},
number = {},
pages = {},
year = {1988},
note = {},
issn = {},
doi = {},
url = {www.karlsuss.com},
author = {},
keywords = {psm6}
}

@Article{PH150P,
 title={{Karl-Suss} {M}icrotech},
 journal = {Probe {H}ead {PH-150} {S}pecification {S}heet},
 volume = {},
 number = {},
 pages = {},
 year = {},
 note = {},
 issn = {},
 doi = {},
 url = {},
 author = {},
 keywords = {}
}

@Article{PH100P,
 title={{Karl-Suss} {M}icrotech},
 journal = {Probe {H}ead {PH-100} {S}pecification {S}heet},
 volume = {},
 number = {},
 pages = {},
 year = {},
 note = {},
 issn = {},
 doi = {},
 url = {},
 author = {},
 keywords = {}
}

@Article{GM08FIELD,
title = {{HIRST-Magnetic}},
journal = {{GM08} and {GM07} {I}nstruction {G}uide},
volume = {},
number = {},
pages = {},
year = {},
note = {},
issn = {},
doi = {},
url = {www.hirst-magnetic.com},
author = {},
keywords = {gaussimetro}
}

@Article{ANALIZPAR,
title = {{Hewlett-Packard}},
journal = {H{P} 4145 {S}emiconductor {P}arameter {A}nalyzer {O}peration {M}anual},
volume = {1},
number = {1},
pages = {256},
year = {1989},
note = {},
issn = {},
doi = {},
url = {www.agilent.com},
author = {},
keywords = {Parameter Analyzer}
}

@Article{MINSTPROBES,
title = {{HF} {R}adio {A}stronomy {L}ab {A}pparatus},
journal = {University of Maryland},
volume = {},
number = {},
pages = {},
year = {},
note = {},
issn = {},
doi = {},
url = {http://www.astro.umd.edu/~harris/labfac.html},
author = {Andrew Harris},
keywords = {Maryland}
}


@Article{WIKIPED,
title = {Wikipedia},
journal = {{T}he {F}ree {E}ncyclopedia},
volume = {},
number = {},
pages = {},
year = {},
note = {},
issn = {},
doi = {},
url = {www.wikipedia.org},
author = {},
keywords = {}
}


@book{ARTCubels,
 title={Magnetic Field Sensor Based on Giant Magnetoresistance},
 author={M. Cubells and C. Reig},
 isbn={},
 url={},
 year={2009},
 publisher={Universidad de Valencia}
}


@Article{SZM2OPT,
title = {{OPTIKA}},
journal = {{SZM-2} {M}icroscope {U}ser {M}anual},
volume = {},
number = {},
pages = {},
year = {},
note = {},
issn = {},
doi = {},
url = {},
author = {},
keywords = {}
}


@Article{AGILGPIB,
title = {Agilent {T}echnologies},
journal = {{IEEE} 488.2 {GPIB} {G}eneral {P}urpose {I}nterface {B}us, {A}gilent},
volume = {},
number = {},
pages = {},
year = {2007},
note = {},
issn = {},
doi = {},
url = {www.agilent.com},
author = {},
keywords = {}
}

@Article{ICTGPIB,
title = {{MathWorks}},
journal = {{I}nstrument {C}ontrol {T}oolBox},
volume = {},
number = {},
pages = {},
year = {},
note = {},
issn = {},
doi = {},
url = {www.mathworks.com},
author = {},
keywords = {}
}


@Article{KEITHPROG,
title = {Keithley},
journal = {Model 220/230 {IEEE} {P}rogrammable {C}urrent {S}ource {I}nformation},
volume = {},
number = {},
pages = {20},
year = {1982},
note = {},
issn = {},
doi = {},
url = {www.keithley.com},
author = {},
keywords = {}
}


@Article{MULT3478,
title = {{Hewlett-Packard}},
journal = {{HP} {3478A} {M}ultimeter {O}perating {M}anual},
volume = {},
number = {},
pages = {104},
year = {1988},
note = {},
issn = {},
doi = {},
url = {www.hp.com},
author = {},
keywords = {}
}


@Article{ANSOFTMAXK,
title = {Ansoft {P}roducts},
journal = {{ANSYS} {M}axwell {E}lectromagnetic and {E}lectromechanical {A}nalysis {3D} {U}ser {G}uide},
volume = {},
number = {},
pages = {238},
year = {2006},
note = {},
issn = {},
doi = {},
url = {www.ansys.com},
author = {},
keywords = {}
}


@Article{PPIMAGE,
title = {Media {C}ybernetics},
journal = {{I}mage {P}ro {P}lus {R}eference {G}uide},
volume = {},
number = {},
pages = {1180},
year = {2009},
note = {},
issn = {},
doi = {},
url = {www.mediacy.com},
author = {},
keywords = {}
}


@inproceedings{1571436,
author={Shrive, N.G.},
booktitle={2005 IEEE International Conference on Systems, Man and Cybernetics}, 
title={Intelligent structural health monitoring: a civil engineering perspective},
year={2005},
month={oct.},
volume={2},
number={},
pages={1973 - 1977},
ISSN={},
doi={10.1109/ICSMC.2005.1571436},
keywords={Civil engineering; intelligent structural health monitoring; on-site intelligence; on-site recharging capability; remote sensing systems; condition monitoring; intelligent sensors; intelligent structures; structural engineering computing;}
}

@Article{QuinteroParra2010117,
title = {Estado del arte en monitorizaci\'on de salud estructural: Un enfoque basado en agentes inteligentes},
journal = {Ciencia e Ingenier\'ia Neogranadina},
volume = {20},
number = {1},
pages = {117 - 132},
year = {2010},
note = {},
issn = {0124-8170},
doi = {},
url = {http://www.umng.edu.co/www/resources/Vol20_1art_8.pdf},
author = {A.F. Quintero Parra and R. Villamizar Mejía},
keywords = {Monitorizaci\'on de salud estructural; agentes inteligentes; supervisi\'on experta}
}

@PhDThesis{Castro2005Tesis,
 title={Simulaci\'on de ondas el\'asticas en vigas mediante el m\'etodo de redes y detecci\'on de da\~no mediante la transformada de Wavelet},
 author={E. Castro},
 year={2005},
 school={Universidad de Granada}
}

@ARTICLE{888718, 
author={Zhengyou Zhang}, 
journal={Pattern Analysis and Machine Intelligence, IEEE Transactions on}, 
title={A flexible new technique for camera calibration}, 
year={2000}, 
month={Nov}, 
volume={22}, 
number={11}, 
pages={1330-1334}, 
keywords={calibration;computer vision;geometry;image sensors;matrix algebra;maximum likelihood estimation;optimisation;3D computer vision;camera calibration;flexible technique;maximum likelihood criterion;planar pattern;radial lens distortion;Calibration;Cameras;Closed-form solution;Computer simulation;Computer vision;Layout;Lenses;Maximum likelihood estimation;Nonlinear distortion;Testing}, 
doi={10.1109/34.888718}, 
ISSN={0162-8828},}
@INPROCEEDINGS{609468, 
author={Heikkila, J. and Silven, O.}, 
booktitle={Computer Vision and Pattern Recognition, 1997. Proceedings., 1997 IEEE Computer Society Conference on}, 
title={A four-step camera calibration procedure with implicit image correction}, 
year={1997}, 
month={Jun}, 
pages={1106-1112}, 
keywords={calibration;computer vision;camera calibration;geometrical camera calibration;image correction;implicit image correction;inverse model;model fitting;three-dimensional machine vision;Calibration;Cameras;Closed-form solution;Error correction;Geometrical optics;Inverse problems;Machine vision;Mathematical model;Minimization methods;Nonlinear distortion}, 
doi={10.1109/CVPR.1997.609468}, 
ISSN={1063-6919},}

@misc{cameracalib,
author={Bouguet ,J},
title={Camera Calibration Toolbox for MATLAB},
year={2013},
note="Available at \url{http://www.vision.caltech.edu/bouguetj/calib_doc/} Accessed 8-September-2014"
}