% --------------------------------------
% Referencias y bibliografía
% --------------------------------------
% https://www.overleaf.com/learn/latex/Bibliography_management_with_bibtex
% --------------------------------------

@misc{wikipedia,
    author    = "Wikipedia",
    title     = "Standard Unix Filesystem Hierarchy",
    url       = "https://upload.wikimedia.org/wikipedia/commons/f/f3/Standard-unix-filesystem-hierarchy.svg"
}
